% This file was created with JabRef 2.10.
% Encoding: Cp1252


@book{JGar2013,
  author    = {Jesús García Molina, Félix O. García Rubio, Vicente Pelechano, Antonio Valecillos, Juan Manuel Vara, Cristina Vicente-Chicote}, 
  title     = {Desarrollo del software dirigido por modelos: Conceptos, métodos y herramientas},
  publisher = {Ra-Ma Editorial},
  year      = 2013,
  isbn      = {978-84-9964-215-4}
}
@book{EMF,
	author = {Steinberg, David and Budinsky, Frank and Paternostro, Marcelo and Merks, Ed},
	title = {EMF: Eclipse Modeling Framework 2.0},
	year = {2009},
	isbn = {0321331885},
	edition = {2nd},
	publisher = {Addison-Wesley Professional},
}

@book{IMist2010,
  author  = {Ivan Mistrík, John Grundy, André van der Hoek, Jim Whitehead}, 
  title   = {Collaborative Software Engineering: Challenges and Prospects},
  publisher = {Springer, Berlin, Heidelberg}, 
  year    = 2010,
  isbn      = {978-3-642-10294-3},
  doi = {https://doi.org/10.1007/978-3-642-10294-3_19}
}

@article{BBoeh2001,
  author  = {Barry Boehm, Paul Grünbacher, Robert O. Briggs}, 
  title   = {Developing groupware for requirements negotiation: lessons learned},
  journal = {IEEE Software},
  publisher = {IEEE}, 
  year    = 2001,
  number  = 3,
  pages   = {46 - 55},
  month   = May,
  volume  = 18, 
  doi = {https://doi.org/10.1109/52.922725} 
}

@article{DDRus2017,
  author  = {Davide Di Ruscio, Mirco Franzago, Ivano Malavolta}, 
  title   = {Envisioning the Future of Collaborative Model-Driven Software Engineering},
  journal = {Software Engineering Companion (ICSE-C), 2017 IEEE/ACM 39th International Conference on},
  publisher = {IEEE}, 
  year    = 2017,
  pages   = {219-221},
  volume  = 39, 
  doi = {https://doi.org/10.1109/ICSE-C.2017.143} 
}
@inproceedings{LIN2016,
author = {Lin, Bin and Zagalsky, Alexey and Storey, Margaret\&\#45;Anne and Serebrenik, Alexander},
 title = {Why Developers Are Slacking Off: Understanding How Software Teams Use Slack},
 booktitle = {Proceedings of the 19th ACM Conference on Computer Supported Cooperative Work and Social Computing Companion},
 series = {CSCW '16 Companion},
 year = {2016},
 isbn = {978-1-4503-3950-6},
 location = {San Francisco, California, USA},
 pages = {333--336},
 numpages = {4},
 url = {http://doi.acm.org/10.1145/2818052.2869117},
 doi = {10.1145/2818052.2869117},
 acmid = {2869117},
 publisher = {ACM},
 address = {New York, NY, USA},
 keywords = {Bots, Collaboration, Slack, Social Media, Software Development}
}
@inproceedings{SQUI2015,
author = {Squire, Megan},
 title = {Should We Move to Stack Overflow?: Measuring the Utility of Social Media for Developer Support},
 booktitle = {Proceedings of the 37th International Conference on Software Engineering - Volume 2},
 series = {ICSE '15},
 year = {2015},
 location = {Florence, Italy},
 pages = {219--228},
 numpages = {10},
 url = {http://dl.acm.org/citation.cfm?id=2819009.2819042},
 acmid = {2819042},
 publisher = {IEEE Press},
 address = {Piscataway, NJ, USA},
 keywords = {developer support, forums, mailing list, metrics, quality, social media, stack overflow, technical support}
}

@inproceedings{STOREY2014,
 author = {Storey, Margaret-Anne and Singer, Leif and Cleary, Brendan and Figueira Filho, Fernando and Zagalsky, Alexey},
 title = {The (R) Evolution of Social Media in Software Engineering},
 booktitle = {Proceedings of the on Future of Software Engineering},
 series = {FOSE 2014},
 year = {2014},
 isbn = {978-1-4503-2865-4},
 location = {Hyderabad, India},
 pages = {100--116},
 numpages = {17},
 url = {http://doi.acm.org/10.1145/2593882.2593887},
 doi = {10.1145/2593882.2593887},
 acmid = {2593887},
 publisher = {ACM},
 address = {New York, NY, USA},
 keywords = {Collaboration, Social Media, Software Engineering}
} 

@inproceedings{TianTSL17,
  author    = {Tian and
               Thung and
               Sharma and
               Lo},
  title     = {APIBot: question answering bot for {API} documentation},
  booktitle = {ASE},
  pages     = {153--158},
  year      = {2017},
  publisher = {{ACM}}
}

@inproceedings{BeschastnikhLZ17,
  author    = {Beschastnikh and Lungu and Zhuang},
  title     = {Accelerating Software Engineering Research Adoption with Analysis Bots},
  booktitle = {ICSE-NIER},
  pages     = {35--38},
  year      = {2017},
  publisher = {{IEEE}}
  }
@inproceedings{AroraSBZ16,
  author    = {Chetan Arora and
               Mehrdad Sabetzadeh and
               Lionel C. Briand and
               Frank Zimmer},
  title     = {Extracting domain models from natural-language requirements: approach
               and industrial evaluation},
  booktitle = {Proc. {MoDELS}},
  pages     = {250--260},
  year      = {2016},
  publisher = {{ACM}}
}

@INPROCEEDINGS{Perez2017a, 
author={S. Pérez-Soler and E. Guerra and J. de Lara and F. Jurado}, 
booktitle={2017 32nd IEEE/ACM International Conference on Automated Software Engineering (ASE)}, 
title={The rise of the (modelling) bots: Towards assisted modelling via social networks}, 
year={2017}, 
volume={}, 
number={}, 
pages={723-728}, 
keywords={groupware;mobile computing;natural languages;social networking (online);user interfaces;SOCIO;Telegram;Twitter;assisted modelling;collaborative creation;mobile computing;modelling bots;natural language;natural user interaction;social networks;Collaboration;Computational modeling;Prototypes;Twitter;Windows;Collaborative modelling;meta-modelling;natural language processing;social networks}, 
doi={10.1109/ASE.2017.8115683}, 
ISSN={}, 
month={Oct}
}

@INPROCEEDINGS{Perez2017a, 
author={S. Pérez-Soler and E. Guerra and J. de Lara}, 
booktitle={Research conference on Model Driven Engineering Languages and Systems (MODELS), (Satellite Events)}, 
title={Assisted Modelling Over Social Networks with SOCIO}, 
year={2017}, 
volume={}, 
number={}, 
pages={561-565}, 
ISSN={}, 
month={sep}
}

@inproceedings{EKP16,
  author    = {Christof Ebert and
               Marco Kuhrmann and
               Rafael Prikladnicki},
  title     = {Global Software Engineering: Evolution and Trends},
  booktitle = {11th {IEEE} International Conference on Global Software Engineering, {ICGSE}},
  pages     = {144--153},
  year      = {2016}
}

@article{Franzago,
title = "Collaborative Model-Driven Software Engineering: a Classification Framework and a Research Map",
author = "M. Franzago and D. D. Ruscio and I. Malavolta and H. Muccini",
year = "2019",
doi = "10.1109/TSE.2017.2755039",
language = "English",
journal = "IEEE Transactions on Software Engineering",
issn = "0098-5589",
publisher = "Institute of Electrical and Electronics Engineers Inc.",
}
@inproceedings{Stanford,
    author = {M. Marneffe and B. Maccartney and C. Manning},
    title = {Generating Typed Dependency Parses from Phrase Structure Parses},
    year = {2006},
    booktitle = {Proc. {LREC}},
    note = {https://nlp.stanford.edu/software/lex-parser.shtml}
    }

@article{Wordnet,
  author    = {George A. Miller},
  title     = {WordNet: {A} Lexical Database for English},
  journal   = {{Comm. ACM}},
  volume    = {38},
  number    = {11},
  pages     = {39--41},
  year      = {1995},
  note		={https://wordnet.princeton.edu/}
}

@article{Brooke,
 author = {Brooke, John},
 title = {{SUS}: A Retrospective},
 journal = {J. Usability Studies},
 volume = {8},
 number = {2},
 year = {2013},
 issn = {1931-3357},
 pages = {29--40},
 publisher = {Usability Professionals' Association}
} 

@ARTICLE{Lanubile2010, 
author={F. Lanubile and C. Ebert and R. Prikladnicki and A. Vizcaíno}, 
journal={IEEE Software}, 
title={Collaboration Tools for Global Software Engineering}, 
year={2010}, 
volume={27}, 
number={2}, 
pages={52-55}, 
keywords={groupware;product life cycle management;software engineering;IEEE international conference;collaboration tools;global software engineering;product life cycle;Collaborative software;Collaborative tools;Collaborative work;International collaboration;Meetings;Software engineering;collaboration;global software development;software engineering}, 
doi={10.1109/MS.2010.39}, 
ISSN={0740-7459}, 
month={March}
}

@inproceedings{Debreceni2017,
 author = {Debreceni, Csaba and Bergmann, G\'{a}bor and B\'{u}r, M\'{a}rton and R\'{a}th, Istv\'{a}n and Varr\'{o}, D\'{a}niel},
 title = {The MONDO Collaboration Framework: Secure Collaborative Modeling over Existing Version Control Systems},
 booktitle = {Proceedings of the 2017 11th Joint Meeting on Foundations of Software Engineering},
 series = {ESEC/FSE 2017},
 year = {2017},
 isbn = {978-1-4503-5105-8},
 location = {Paderborn, Germany},
 pages = {984--988},
 numpages = {5},
 url = {http://doi.acm.org/10.1145/3106237.3122829},
 doi = {10.1145/3106237.3122829},
 acmid = {3122829},
 publisher = {ACM},
 address = {New York, NY, USA},
 keywords = {automated model merge, collaborative modeling, locking, rule-based access control, version control systems}
} 

@article{GRILLO2014,
title = "Accessible Modeling on the Web: A Case Study",
journal = "Procedia Computer Science",
volume = "27",
pages = "460 - 470",
year = "2014",
note = "5th International Conference on Software Development and Technologies for Enhancing Accessibility and Fighting Info-exclusion, DSAI 2013",
issn = "1877-0509",
doi = "https://doi.org/10.1016/j.procs.2014.02.050",
url = "http://www.sciencedirect.com/science/article/pii/S1877050914000520",
author = "Filipe Del Nero Grillo and Renata Pontin de Mattos Fortes",
keywords = "Accessibility, Modeling, Case study"
}

@inproceedings{Syriani2017,
 author = {Eugene Syriani, Hans Vangheluwe, Raphael Mannadiar, Conner Hansen, Van Mierlo and Huseyin Ergin},
 title = {AToMPM: A Web-based Modeling Environment},
 booktitle = {In Proc of MODELS Satellite Events (CEUR Workshop Proceedings)},
 year = {2013},
 pages = {21-25},
 numpages = {1115},
 url = {http://ceur-ws.org/Vol-1115.}
} 

@article{KOSHIMA2015,
title = "Collaborative editing of EMF/Ecore meta-models and models: Conflict detection, reconciliation, and merging in DiCoMEF",
journal = "Science of Computer Programming",
volume = "113",
pages = "3 - 28",
year = "2015",
note = "Model Driven Development (Selected \& extended papers from MODELSWARD 2014)",
issn = "0167-6423",
doi = "https://doi.org/10.1016/j.scico.2015.07.004",
url = "http://www.sciencedirect.com/science/article/pii/S0167642315001380",
author = "Amanuel Alemayehu Koshima and Vincent Englebert",
keywords = {"EMF, DSML, Collaborative modeling, Conflict detection, Merging"}
}

@INPROCEEDINGS{Ferenc2017, 
author={M. Ferenc and I. Polasek and J. Vincur}, 
booktitle={2017 IEEE Working Conference on Software Visualization (VISSOFT)}, 
title={Collaborative Modeling and Visualization of Software Systems Using Multidimensional UML}, 
year={2017}, 
volume={}, 
number={}, 
pages={99-103}, 
keywords={Internet;Unified Modeling Language;data visualisation;groupware;software engineering;3D UML;multidimensional UML;real-time synchronous collaborative modeling;shared Google Document online;software system visualization;Collaboration;History;Real-time systems;Solid modeling;Three-dimensional displays;Unified modeling language;Visualization;3D UML;evolution;modeling;real-time synchronous collaboration;visualization}, 
doi={10.1109/VISSOFT.2017.19}, 
ISSN={}, 
month={Sept}
}
@INPROCEEDINGS{Jiang2016, 
author={Y. Jiang and S. Wang and K. Fu and W. Zhang and H. Zhao}, 
booktitle={2016 IEEE 24th International Requirements Engineering Conference (RE)}, 
title={SCCMT: A Stigmergy-Based Collaborative Conceptual Modeling Tool}, 
year={2016}, 
volume={}, 
number={}, 
pages={401-404}, 
keywords={formal specification;formal verification;knowledge management;software development management;software quality;SCCMT tool;communication problem;high-quality conceptual model;indirect interaction mechanism;merge-feedback process;modeler personal experience;modeler personal knowledge;online crowd;requirements engineering;software development;software development captures;stigmergy-based collaborative conceptual modeling tool;temporal distributed online modelers;topographical distributed online modelers;Collaboration;Entropy;Information filters;Merging;Requirements engineering;Software;Collaborative Modeling;Conceptual modeling;Stigmergy}, 
doi={10.1109/RE.2016.27}, 
ISSN={}, 
month={Sept}
}

@inproceedings{Tolvanen2016,
 author = {Tolvanen, Juha-Pekka},
 title = {MetaEdit+ for Collaborative Language Engineering and Language Use (Tool Demo)},
 booktitle = {Proceedings of the 2016 ACM SIGPLAN International Conference on Software Language Engineering},
 series = {SLE 2016},
 year = {2016},
 isbn = {978-1-4503-4447-0},
 location = {Amsterdam, Netherlands},
 pages = {41--45},
 numpages = {5},
 url = {http://doi.acm.org/10.1145/2997364.2997379},
 doi = {10.1145/2997364.2997379},
 acmid = {2997379},
 publisher = {ACM},
 address = {New York, NY, USA},
 keywords = {Collaboration, Language Engineering, Language Workbench, MetaEdit+, Metamodeling}
} 

@inproceedings{Storey:2016,
 author = {Storey, Margaret-Anne and Zagalsky, Alexey},
 title = {Disrupting Developer Productivity One Bot at a Time},
 booktitle = {Proceedings of the 2016 24th ACM SIGSOFT International Symposium on Foundations of Software Engineering},
 series = {FSE 2016},
 year = {2016},
 isbn = {978-1-4503-4218-6},
 location = {Seattle, WA, USA},
 pages = {928--931},
 numpages = {4},
 url = {http://doi.acm.org/10.1145/2950290.2983989},
 doi = {10.1145/2950290.2983989},
 acmid = {2983989},
 publisher = {ACM},
 address = {New York, NY, USA},
 keywords = {Human computer interaction, computer supported collaborative work, productivity, software engineering}
} 

@inproceedings{Brosch:2012,
 author = {Brosch, Petra and Kappel, Gerti and Langer, Philip and Seidl, Martina and Wieland, Konrad and Wimmer, Manuel},
 title = {An Introduction to Model Versioning},
 booktitle = {Proceedings of the 12th International Conference on Formal Methods for the Design of Computer, Communication, and Software Systems: Formal Methods for Model-driven Engineering},
 series = {SFM'12},
 year = {2012},
 isbn = {978-3-642-30981-6},
 location = {Bertinoro, Italy},
 pages = {336--398},
 numpages = {63},
 url = {http://dx.doi.org/10.1007/978-3-642-30982-3_10},
 doi = {10.1007/978-3-642-30982-3_10},
 acmid = {2367358},
 publisher = {Springer-Verlag},
 address = {Berlin, Heidelberg}
} 

@INPROCEEDINGS{Cicchetti2008, 
author={A. Cicchetti and D. D. Ruscio and R. Eramo and A. Pierantonio}, 
booktitle={2008 12th International IEEE Enterprise Distributed Object Computing Conference}, 
title={Automating Co-evolution in Model-Driven Engineering}, 
year={2008}, 
volume={}, 
number={}, 
pages={222-231}, 
keywords={metacomputing;software engineering;difference model recording;higher-order model transformations;metamodel evolution;model-based artefacts;model-driven engineering;software development;version management techniques;Conference management;Distributed computing;Engineering management;Intellectual property;Logic;Model driven engineering;Programming;Software development management;Software maintenance;Software performance;difference power model;metamodel evolution;model co-evolution;model differencing}, 
doi={10.1109/EDOC.2008.44}, 
ISSN={1541-7719}, 
month={Sept}
}